@Manual{R-base,
  title = {R: A Language and Environment for Statistical Computing},
  author = {{R Core Team}},
  organization = {R Foundation for Statistical Computing},
  address = {Vienna, Austria},
  year = {2021},
  url = {https://www.R-project.org/},
}

@Article{R-tidyverse,
  title = {Welcome to the {tidyverse}},
  author = {Hadley Wickham and Mara Averick and Jennifer Bryan and Winston Chang and Lucy D'Agostino McGowan and Romain François and Garrett Grolemund and Alex Hayes and Lionel Henry and Jim Hester and Max Kuhn and Thomas Lin Pedersen and Evan Miller and Stephan Milton Bache and Kirill Müller and Jeroen Ooms and David Robinson and Dana Paige Seidel and Vitalie Spinu and Kohske Takahashi and Davis Vaughan and Claus Wilke and Kara Woo and Hiroaki Yutani},
  year = {2019},
  journal = {Journal of Open Source Software},
  volume = {4},
  number = {43},
  pages = {1686},
  doi = {10.21105/joss.01686},
}

@Manual{R-afex,
  title = {afex: Analysis of Factorial Experiments},
  author = {Henrik Singmann and Ben Bolker and Jake Westfall and Frederik Aust and Mattan S. Ben-Shachar},
  year = {2023},
  note = {R package version 1.3-0},
  url = {https://CRAN.R-project.org/package=afex},
}

@Manual{R-computees,
  title = {compute.es: Compute Effect Sizes},
  author = {A. C. Del Re},
  journal = {R Package},
  year = {2013},
  note = {R package version 0.2-5},
  url = {https://cran.r-project.org/package=compute.es},
}

@Manual{R-cronbach,
  title = {Cronbach: Cronbach's Alpha},
  author = {Michail Tsagris and Constantinos Frangos},
  year = {2020},
  note = {R package version 0.1},
  url = {https://CRAN.R-project.org/package=Cronbach},
}

@Manual{R-effsize,
  title = {effsize: Efficient Effect Size Computation},
  author = {Marco Torchiano},
  year = {2020},
  note = {R package version 0.8.1},
  doi = {10.5281/zenodo.1480624},
  url = {https://CRAN.R-project.org/package=effsize},
}

@Manual{R-emmeans,
  title = {emmeans: Estimated Marginal Means, aka Least-Squares Means},
  author = {Russell V. Lenth},
  year = {2023},
  note = {R package version 1.8.5},
  url = {https://CRAN.R-project.org/package=emmeans},
}

@Manual{R-ggpmisc,
  title = {ggpmisc: Miscellaneous Extensions to `ggplot2'},
  author = {Pedro J. Aphalo},
  year = {2022},
  note = {R package version 0.5.2},
  url = {https://CRAN.R-project.org/package=ggpmisc},
}

@Manual{R-hmisc,
  title = {Hmisc: Harrell Miscellaneous},
  author = {Frank E {Harrell Jr}},
  year = {2023},
  note = {R package version 5.1-0},
  url = {https://CRAN.R-project.org/package=Hmisc},
}

@Manual{R-kableextra,
  title = {kableExtra: Construct Complex Table with `kable' and Pipe Syntax},
  author = {Hao Zhu},
  year = {2021},
  note = {R package version 1.3.4},
  url = {https://CRAN.R-project.org/package=kableExtra},
}

@Manual{R-patchwork,
  title = {patchwork: The Composer of Plots},
  author = {Thomas Lin Pedersen},
  year = {2022},
  note = {R package version 1.1.2},
  url = {https://CRAN.R-project.org/package=patchwork},
}

@Manual{R-pwr,
  title = {pwr: Basic Functions for Power Analysis},
  author = {Stephane Champely},
  year = {2020},
  note = {R package version 1.3-0},
  url = {https://CRAN.R-project.org/package=pwr},
}

@Manual{R-renv,
    title = {renv: Project Environments},
    author = {Kevin Ushey},
    year = {2023},
    note = {R package version 0.17.2},
    url = {https://CRAN.R-project.org/package=renv},
  }

@article{R-rogme,
  title = {Beyond Differences in Means: Robust Graphical Methods to Compare Two Groups in Neuroscience},
  shorttitle = {Beyond Differences in Means},
  author = {Rousselet, Guillaume A. and Pernet, Cyril R. and Wilcox, Rand R.},
  year = {2017},
  journal = {European Journal of Neuroscience},
  volume = {46},
  number = {2},
  pages = {1738--1748},
  issn = {1460-9568},
  doi = {10.1111/ejn.13610},
  urldate = {2022-05-30},
  langid = {english},
  keywords = {data visualisation,difference asymmetry function,quantile estimation,robust statistics,shift function}
}

@Manual{R-rstatix,
    title = {rstatix: Pipe-Friendly Framework for Basic Statistical Tests},
    author = {Alboukadel Kassambara},
    year = {2023},
    note = {R package version 0.7.2},
    url = {https://CRAN.R-project.org/package=rstatix},
  }
