@article{anscombe1973,
  title = {Graphs in Statistical Analysis},
  author = {Anscombe, F. J.},
  year = {1973},
  month = feb,
  journal = {The American Statistician},
  volume = {27},
  number = {1},
  pages = {17--21},
  issn = {0003-1305, 1537-2731},
  doi = {10.1080/00031305.1973.10478966},
  urldate = {2023-05-10},
  langid = {english}
}

@article{bacelar2022,
  title = {Dissociating the Contributions of Motivational and Information Processing Factors to the Self-Controlled Feedback Learning Benefit},
  author = {Bacelar, Mariane F.B. and Parma, Juliana Otoni and Cabral, Daniel and Daou, Marcos and Lohse, Keith R. and Miller, Matthew W.},
  year = {2022},
  month = mar,
  journal = {Psychology of Sport and Exercise},
  volume = {59},
  pages = {102119},
  issn = {14690292},
  doi = {10.1016/j.psychsport.2021.102119},
  urldate = {2022-05-28},
  langid = {english}
}

@article{bartholomew2009,
  title = {A Review of Controlling Motivational Strategies from a Self-Determination Theory Perspective: Implications for Sports Coaches},
  shorttitle = {A Review of Controlling Motivational Strategies from a Self-Determination Theory Perspective},
  author = {Bartholomew, Kimberley J. and Ntoumanis, Nikos and {Th{$\oslash$}gersen-Ntoumani}, Cecilie},
  year = {2009},
  month = sep,
  journal = {International Review of Sport and Exercise Psychology},
  volume = {2},
  number = {2},
  pages = {215--233},
  issn = {1750-984X, 1750-9858},
  doi = {10.1080/17509840903235330},
  urldate = {2023-05-09},
  langid = {english}
}

@article{bartos2023,
  title = {Robust {{Bayesian}} Meta-analysis: {{Model}}-averaging across Complementary Publication Bias Adjustment Methods},
  shorttitle = {Robust {{Bayesian}} Meta-analysis},
  author = {Barto{\v s}, Franti{\v s}ek and Maier, Maximilian and Wagenmakers, Eric-Jan and Doucouliagos, Hristos and Stanley, T. D.},
  year = {2023},
  month = jan,
  journal = {Research Synthesis Methods},
  volume = {14},
  number = {1},
  pages = {99--116},
  issn = {1759-2879, 1759-2887},
  doi = {10.1002/jrsm.1594},
  urldate = {2023-05-07},
  langid = {english}
}

@article{brysbaert2019,
  title = {How Many Participants Do We Have to Include in Properly Powered Experiments? {{A}} Tutorial of Power Analysis with Reference Tables},
  shorttitle = {How {{Many Participants Do We Have}} to {{Include}} in {{Properly Powered Experiments}}?},
  author = {Brysbaert, Marc},
  year = {2019},
  month = jul,
  journal = {Journal of Cognition},
  volume = {2},
  number = {1},
  pages = {16},
  issn = {2514-4820},
  doi = {10.5334/joc.72},
  urldate = {2022-07-13},
  langid = {english}
}

@article{button2013,
  title = {Power Failure: {{Why}} Small Sample Size Undermines the Reliability of Neuroscience},
  author = {Button, Katherine S and Ioannidis, John P A and Mokrysz, Claire and Nosek, Brian A and Flint, Jonathan and Robinson, Emma S J and Munaf{\`o}, Marcus R},
  year = {2013},
  journal = {Nature Reviews Neuroscience},
  volume = {14},
  pages = {365--76},
  langid = {english}
}

@article{carroll2021,
  title = {`{{Zooming}} in' on the Antecedents of Youth Sport Coaches' Autonomy-Supportive and Controlling Interpersonal Behaviours: A Multimethod Study},
  shorttitle = {`{{Zooming}} in' on the Antecedents of Youth Sport Coaches' Autonomy-Supportive and Controlling Interpersonal Behaviours},
  author = {Carroll, Mark and Allen, Justine},
  year = {2021},
  month = apr,
  journal = {International Journal of Sports Science \& Coaching},
  volume = {16},
  number = {2},
  pages = {236--248},
  issn = {1747-9541, 2048-397X},
  doi = {10.1177/1747954120958621},
  urldate = {2023-05-09},
  langid = {english}
}

@article{carter2014,
  title = {Self-Controlled Feedback Is Effective If It Is Based on the Learner's Performance: {{A}} Replication and Extension of {{Chiviacowsky}} and {{Wulf}} (2005)},
  author = {Carter, Michael J and Carlsen, Anthony N and {Ste-Marie}, Diane M},
  year = {2014},
  journal = {Frontiers in Psychology},
  volume = {5},
  pages = {1--10},
  issn = {1664-1078},
  doi = {10.3389/fpsyg.2014.01325},
  keywords = {error estimation,knowledge of results,learner-controlled,Mar 27 import,motor learning,scfb,self-control,Self-Control}
}

@article{carter2017,
  title = {Not All Choices Are Created Equal: {{Task-relevant}} Choices Enhance Motor Learning Compared to Task-Irrelevant Choices},
  shorttitle = {Not All Choices Are Created Equal},
  author = {Carter, Michael J. and {Ste-Marie}, Diane M.},
  year = {2017},
  month = dec,
  journal = {Psychonomic Bulletin \& Review},
  volume = {24},
  number = {6},
  pages = {1879--1888},
  issn = {1069-9384, 1531-5320},
  doi = {10.3758/s13423-017-1250-7},
  urldate = {2022-07-13},
  langid = {english}
}

@article{chiviacowsky2002,
  title = {Self-Controlled Feedback: {{Does}} It Enhance Learning Because Performers Get Feedback When They Need It?},
  shorttitle = {Self-{{Controlled Feedback}}},
  author = {Chiviacowsky, Suzete and Wulf, Gabriele},
  year = {2002},
  month = dec,
  journal = {Research Quarterly for Exercise and Sport},
  volume = {73},
  number = {4},
  pages = {408--415},
  issn = {0270-1367, 2168-3824},
  doi = {10.1080/02701367.2002.10609040},
  urldate = {2022-07-13},
  langid = {english}
}

@article{chiviacowsky2005,
  title = {Self-Controlled Feedback Is Effective If It Is Based on the Learner's Performance},
  author = {Chiviacowsky, Suzete and Wulf, Gabriele},
  year = {2005},
  month = mar,
  journal = {Research Quarterly for Exercise and Sport},
  volume = {76},
  number = {1},
  pages = {42--48},
  issn = {0270-1367, 2168-3824},
  doi = {10.1080/02701367.2005.10599260},
  urldate = {2022-07-13},
  langid = {english}
}

@incollection{deci2012,
  title = {Self-Determination Theory},
  booktitle = {Handbook of Theories of Social Psychology},
  author = {Deci, Edward L and Ryan, Richard M},
  year = {2012},
  pages = {416--436},
  publisher = {{Sage Publications Ltd}}
}

@inproceedings{fairclough2009,
  title = {Measuring Task Engagement as an Input to Physiological Computing},
  booktitle = {3rd {{International Conference}} on {{Affective Computing}} and {{Intelligent Interaction}} and {{Workshops}}},
  author = {Fairclough, Stephen H. and Ewing, Katie C. and Roberts, Jenna},
  year = {2009},
  pages = {1--9},
  address = {{Amsterdam, Netherlands}},
  doi = {10.1109/ACII.2009.5349483}
}

@article{hancock1995,
  title = {On the Problem of Two-Dimensional Error Scores: Measures and Analyses of Accuracy, Bias, and Consistency},
  shorttitle = {On the {{Problem}} of {{Two-Dimensional Error Scores}}},
  author = {Hancock, Gregory R. and Butler, Michael S. and Fischman, Mark G.},
  year = {1995},
  month = sep,
  journal = {Journal of Motor Behavior},
  volume = {27},
  number = {3},
  pages = {241--250},
  issn = {0022-2895, 1940-1027},
  doi = {10.1080/00222895.1995.9941714},
  urldate = {2022-05-28},
  langid = {english}
}

@article{harrell1982,
  title = {A New Distribution-Free Quantile Estimator},
  author = {Harrell, Frank E and Davis, C E},
  year = {1982},
  journal = {Biometrika},
  volume = {69},
  number = {3},
  pages = {635--640},
  doi = {doi.org/10.2307/2335999},
  langid = {english}
}

@article{hochberg1988,
  title = {A Sharper {{Bonferroni}} Procedure for Multiple Tests of Significance},
  author = {Hochberg, Yosef},
  year = {1988},
  journal = {Biometrika},
  volume = {75},
  number = {4},
  pages = {800--802},
  langid = {english}
}

@article{hooyman2014,
  title = {Impacts of Autonomy-Supportive versus Controlling Instructional Language on Motor Learning},
  author = {Hooyman, Andrew and Wulf, Gabriele and Lewthwaite, Rebecca},
  year = {2014},
  month = aug,
  journal = {Human Movement Science},
  volume = {36},
  pages = {190--198},
  issn = {01679457},
  doi = {10.1016/j.humov.2014.04.005},
  urldate = {2022-05-20},
  langid = {english}
}

@article{lakens2022,
  title = {Sample Size Justification},
  author = {Lakens, Dani{\"e}l},
  year = {2022},
  month = mar,
  journal = {Collabra: Psychology},
  volume = {8},
  number = {1},
  pages = {33267},
  issn = {2474-7394},
  doi = {10.1525/collabra.33267},
  urldate = {2022-07-13},
  langid = {english}
}

@article{leiker2016,
  title = {The Effects of Autonomous Difficulty Selection on Engagement, Motivation, and Learning in a Motion-Controlled Video Game Task},
  author = {Leiker, Amber M. and Bruzi, Alessandro T. and Miller, Matthew W. and Nelson, Monica and Wegman, Rebecca and Lohse, Keith R.},
  year = {2016},
  month = oct,
  journal = {Human Movement Science},
  volume = {49},
  pages = {326--335},
  issn = {01679457},
  doi = {10.1016/j.humov.2016.08.005},
  urldate = {2023-03-03},
  langid = {english}
}

@article{leiker2019,
  title = {Exploring the Neurophysiological Effects of Self-Controlled Practice in Motor Skill Learning},
  author = {Leiker, Amber M. and Pathania, Anupriya and Miller, Matthew W. and Lohse, Keith R.},
  year = {2019},
  month = apr,
  journal = {Journal of Motor Learning and Development},
  volume = {7},
  number = {1},
  pages = {13--34},
  issn = {2325-3193, 2325-3215},
  doi = {10.1123/jmld.2017-0051},
  urldate = {2022-06-29},
  langid = {english}
}

@article{lenth2001,
  title = {Some Practical Guidelines for Effective Sample Size Determination},
  author = {Lenth, Russell V},
  year = {2001},
  month = aug,
  journal = {The American Statistician},
  volume = {55},
  number = {3},
  pages = {187--193},
  issn = {0003-1305, 1537-2731},
  doi = {10.1198/000313001317098149},
  urldate = {2023-05-10},
  langid = {english}
}

@article{lewthwaite2015,
  title = {Choose to Move: {{The}} Motivational Impact of Autonomy Support on Motor Learning},
  shorttitle = {Choose to Move},
  author = {Lewthwaite, Rebecca and Chiviacowsky, Suzete and Drews, Ricardo and Wulf, Gabriele},
  year = {2015},
  month = oct,
  journal = {Psychonomic Bulletin \& Review},
  volume = {22},
  number = {5},
  pages = {1383--1388},
  issn = {1069-9384, 1531-5320},
  doi = {10.3758/s13423-015-0814-7},
  urldate = {2022-07-13},
  langid = {english}
}

@article{liao2001,
  title = {Analogy Learning: {{A}} Means to Implicit Motor Learning},
  shorttitle = {Analogy Learning},
  author = {Liao, Chu-Min and Masters, Richard S.W.},
  year = {2001},
  month = jan,
  journal = {Journal of Sports Sciences},
  volume = {19},
  number = {5},
  pages = {307--319},
  issn = {0264-0414, 1466-447X},
  doi = {10.1080/02640410152006081},
  urldate = {2022-07-04},
  langid = {english}
}

@article{lohse2016,
  title = {Underpowered and Overworked: {{Problems}} with Data Analysis in Motor Learning Studies},
  shorttitle = {Underpowered and {{Overworked}}},
  author = {Lohse, Keith and Buchanan, Taylor and Miller, Matthew},
  year = {2016},
  month = jun,
  journal = {Journal of Motor Learning and Development},
  volume = {4},
  number = {1},
  pages = {37--58},
  issn = {2325-3193, 2325-3215},
  doi = {10.1123/jmld.2015-0010},
  urldate = {2022-05-25},
  langid = {english}
}

@article{maier2023,
  title = {Robust {{Bayesian}} Meta-Analysis: {{Addressing}} Publication Bias with Model-Averaging},
  author = {Maier, Maximilian},
  year = {2023},
  journal = {Psychological Methods},
  volume = {28},
  number = {1},
  pages = {107--122},
  langid = {english}
}

@article{makin2019,
  title = {Ten Common Statistical Mistakes to Watch out for When Writing or Reviewing a Manuscript},
  author = {Makin, Tamar R and {Orban de Xivry}, Jean-Jacques},
  year = {2019},
  month = oct,
  journal = {eLife},
  volume = {8},
  pages = {e48175},
  issn = {2050-084X},
  doi = {10.7554/eLife.48175},
  urldate = {2022-07-19},
  langid = {english}
}

@incollection{masters2020,
  title = {Advances in Implicit Motor Learning},
  author = {Masters, Richard S.W. and {van Duijn}, Tina and Uiga, Liis},
  year = {2020},
  chapter = {5},
  doi = {10.4324/9781351189750-5},
  month = {11},
  date = {2020},
  publisher = {Routledge},
  booktitle = {Skill acquisition in sport: {Research}, theory, and practice},
  editor = {{Hodges}, {Nicola J.} and {Williams}, {A. Mark}},
  edition = {3}
}

@article{mcauley1989,
  title = {Psychometric Properties of the {{Intrinsic Motivation Inventory}} in a Competitive Sport Setting: {{A}} Confirmatory Factor Analysis},
  author = {McAuley, E and Duncan, T and Tammen, V V},
  year = {1989},
  month = mar,
  journal = {Research Quarterly for Exercise and Sport},
  volume = {60},
  number = {1},
  pages = {48--58},
  issn = {0270-1367},
  doi = {10.1080/02701367.1989.10607413},
  keywords = {scfb}
}

@article{mcdonough2007,
  title = {Testing Self-Determined Motivation as a Mediator of the Relationship between Psychological Needs and Affective and Behavioral Outcomes},
  author = {McDonough, Meghan H. and Crocker, Peter R.E.},
  year = {2007},
  month = oct,
  journal = {Journal of Sport and Exercise Psychology},
  volume = {29},
  number = {5},
  pages = {645--663},
  issn = {0895-2779, 1543-2904},
  doi = {10.1123/jsep.29.5.645},
  urldate = {2022-07-18},
  langid = {english}
}

@article{mckay2020,
  title = {Autonomy Support and Reduced Feedback Frequency Have Trivial Effects on Learning and Performance of a Golf Putting Task},
  author = {McKay, Brad and {Ste-Marie}, Diane M.},
  year = {2020},
  month = jun,
  journal = {Human Movement Science},
  volume = {71},
  pages = {102612},
  issn = {01679457},
  doi = {10.1016/j.humov.2020.102612},
  langid = {english}
}

@article{mckay2022,
  title = {Autonomy Support via Instructionally Irrelevant Choice Not Beneficial for Motor Performance or Learning},
  author = {McKay, Brad and {Ste-Marie}, Diane M.},
  year = {2022},
  month = jan,
  journal = {Research Quarterly for Exercise and Sport},
  volume = {93},
  number = {1},
  pages = {64--76},
  issn = {0270-1367, 2168-3824},
  doi = {10.1080/02701367.2020.1795056},
  langid = {english}
}

@article{mckay2022a,
  title = {Meta-Analytic Findings in the Self-Controlled Motor Learning Literature: {{Underpowered}}, Biased, and Lacking Evidential Value},
  author = {McKay, Brad and Yantha, Zachary D and Hussien, Julia and Carter, Michael J and {Ste-Marie}, Diane M},
  year = {2022},
  volume = {6},
  journal = {Meta-Psychology},
  doi = {10.15626/MP.2021.2803},
  keywords = {Choice,Meta-analysis,Motor learning,OPTIMAL Theory,p-curve,publication bias,Retention,scfb}
}

@article{mckay2023,
  title = {The Combination of Reporting Bias and Underpowered Study Designs Has Substantially Exaggerated the Motor Learning Benefits of Self-Controlled Practice and Enhanced Expectancies: A Meta-Analysis},
  shorttitle = {The Combination of Reporting Bias and Underpowered Study Designs Has Substantially Exaggerated the Motor Learning Benefits of Self-Controlled Practice and Enhanced Expectancies},
  author = {McKay, Brad and Bacelar, Mariane F. B. and Parma, Juliana O. and Miller, Matthew W. and Carter, Michael J.},
  year = {2023},
  month = may,
  journal = {International Review of Sport and Exercise Psychology},
  pages = {1--21},
  issn = {1750-984X, 1750-9858},
  doi = {10.1080/1750984X.2023.2207255},
  urldate = {2023-05-07},
  langid = {english}
}

@article{mckiernan2016,
  title = {How Open Science Helps Researchers Succeed},
  author = {McKiernan, Erin C and Bourne, Philip E and Brown, C Titus and Buck, Stuart and Kenall, Amye and Lin, Jennifer and McDougall, Damon and Nosek, Brian A and Ram, Karthik and Soderberg, Courtney K and Spies, Jeffrey R and Thaney, Kaitlin and Updegrove, Andrew and Woo, Kara H and Yarkoni, Tal},
  year = {2016},
  month = jul,
  journal = {eLife},
  volume = {5},
  pages = {e16800},
  issn = {2050-084X},
  doi = {10.7554/eLife.16800},
  urldate = {2023-04-18},
  langid = {english}
}

@article{mossman2022,
  title = {Autonomy Support in Sport and Exercise Settings: {{A}} Systematic Review and Meta-Analysis},
  shorttitle = {Autonomy Support in Sport and Exercise Settings},
  author = {Mossman, Lara H. and Slemp, Gavin R. and Lewis, Kelsey J. and Colla, Rachel H. and O'Halloran, Paul},
  year = {2022},
  month = feb,
  journal = {International Review of Sport and Exercise Psychology},
  pages = {1--24},
  issn = {1750-984X, 1750-9858},
  doi = {10.1080/1750984X.2022.2031252},
  urldate = {2022-07-04},
  langid = {english}
}

@article{munafo2017,
  title = {A Manifesto for Reproducible Science},
  author = {Munaf{\`o}, Marcus R and Nosek, Brian A and Bishop, Dorothy V M and Button, Katherine S and Chambers, Christopher D and {Percie du Sert}, Nathalie and Simonsohn, Uri and Wagenmakers, Eric-Jan and Ware, Jennifer J and Ioannidis, John P A},
  year = {2017},
  month = jan,
  journal = {Nature Human Behaviour},
  volume = {1},
  number = {1},
  pages = {0021},
  issn = {2397-3374},
  doi = {10.1038/s41562-016-0021},
  keywords = {Feb 5 import}
}

@article{murray2015,
  title = {Effect of a Self Determination Theory\textendash Based Communication Skills Training Program on Physiotherapists' Psychological Support for Their Patients with Chronic Low Back Pain: {{A}} Randomized Controlled Trial},
  shorttitle = {Effect of a {{Self-Determination Theory}}\textendash{{Based Communication Skills Training Program}} on {{Physiotherapists}}' {{Psychological Support}} for {{Their Patients With Chronic Low Back Pain}}},
  author = {Murray, Aileen and Hall, Amanda M. and Williams, Geoffrey C. and McDonough, Suzanne M. and Ntoumanis, Nikos and Taylor, Ian M. and Jackson, Ben and Matthews, James and Hurley, Deirdre A. and Lonsdale, Chris},
  year = {2015},
  month = may,
  journal = {Archives of Physical Medicine and Rehabilitation},
  volume = {96},
  number = {5},
  pages = {809--816},
  issn = {00039993},
  doi = {10.1016/j.apmr.2014.11.007},
  urldate = {2023-05-09},
  langid = {english}
}

@article{ng2011,
  title = {The {{Basic Needs Satisfaction}} in {{Sport Scale}} ({{BNSSS}}): {{Instrument}} Development and Initial Validity Evidence},
  shorttitle = {The {{Basic Needs Satisfaction}} in {{Sport Scale}} ({{BNSSS}})},
  author = {Ng, Johan Y.Y. and Lonsdale, Chris and Hodge, Ken},
  year = {2011},
  month = jun,
  journal = {Psychology of Sport and Exercise},
  volume = {12},
  number = {3},
  pages = {257--264},
  issn = {14690292},
  doi = {10.1016/j.psychsport.2010.10.006},
  urldate = {2022-07-13},
  langid = {english}
}

@article{ng2012,
  title = {Self-Determination Theory Applied to Health Contexts: {{A}} Meta-Analysis},
  shorttitle = {Self-{{Determination Theory Applied}} to {{Health Contexts}}},
  author = {Ng, Johan Y. Y. and Ntoumanis, Nikos and {Th{\o}gersen-Ntoumani}, Cecilie and Deci, Edward L. and Ryan, Richard M. and Duda, Joan L. and Williams, Geoffrey C.},
  year = {2012},
  month = jul,
  journal = {Perspectives on Psychological Science},
  volume = {7},
  number = {4},
  pages = {325--340},
  issn = {1745-6916, 1745-6924},
  doi = {10.1177/1745691612447309},
  urldate = {2023-02-22},
  langid = {english}
}

@article{nosek2017,
  title = {Making Sense of Replications},
  author = {Nosek, Brian A and Errington, Timothy M},
  year = {2017},
  month = jan,
  journal = {eLife},
  volume = {6},
  pages = {e23383},
  issn = {2050-084X},
  doi = {10.7554/eLife.23383},
  urldate = {2023-04-18},
  langid = {english}
}

@article{obrien2009,
  title = {The Development and Evaluation of a Survey to Measure User Engagement},
  author = {O'Brien, Heather L. and Toms, Elaine G.},
  year = {2009},
  journal = {Journal of the American Society for Information Science and Technology},
  volume = {61},
  number = {1},
  pages = {50--69},
  issn = {15322882},
  doi = {10.1002/asi.21229},
  urldate = {2023-05-10},
  langid = {english}
}

@article{okada2021,
  title = {Effects of Perceived Autonomy Support on Academic Achievement and Motivation among Higher Education Students: {{A Meta-analysis}}},
  shorttitle = {Effects of {{Perceived Autonomy Support}} on {{Academic Achievement}} and {{Motivation Among Higher Education Students}}},
  author = {Okada, Ryo},
  year = {2021},
  month = sep,
  journal = {Japanese Psychological Research},
  pages = {jpr.12380},
  issn = {0021-5368, 1468-5884},
  doi = {10.1111/jpr.12380},
  urldate = {2022-07-04},
  langid = {english}
}

@article{reeve2003,
  title = {Testing Models of the Experience of Self-Determination in Intrinsic Motivation and the Conundrum of Choice.},
  author = {Reeve, Johnmarshall and Nix, Glen and Hamm, Diane},
  year = {2003},
  journal = {Journal of Educational Psychology},
  volume = {95},
  number = {2},
  pages = {375--392},
  issn = {0022-0663},
  doi = {10.1037/0022-0663.95.2.375},
  urldate = {2022-07-18},
  langid = {english}
}

@article{reeve2009,
  title = {Why Teachers Adopt a Controlling Motivating Style toward Students and How They Can Become More Autonomy Supportive},
  author = {Reeve, Johnmarshall},
  year = {2009},
  month = jul,
  journal = {Educational Psychologist},
  volume = {44},
  number = {3},
  pages = {159--175},
  issn = {0046-1520, 1532-6985},
  doi = {10.1080/00461520903028990},
  urldate = {2022-03-31},
  langid = {english}
}

@article{reeve2011,
  title = {Cortisol Reactivity to a Teacher's Motivating Style: {{The}} Biology of Being Controlled versus Supporting Autonomy},
  shorttitle = {Cortisol Reactivity to a Teacher's Motivating Style},
  author = {Reeve, Johnmarshall and Tseng, Ching-Mei},
  year = {2011},
  month = mar,
  journal = {Motivation and Emotion},
  volume = {35},
  number = {1},
  pages = {63--74},
  issn = {0146-7239, 1573-6644},
  doi = {10.1007/s11031-011-9204-2},
  urldate = {2022-03-23},
  langid = {english}
}

@article{rousselet2020,
  title = {Reaction Times and Other Skewed Distributions: Problems with the Mean and the Median},
  author = {Rousselet, Guillaume A and Wilcox, Rand R},
  year = {2020},
  journal = {Meta-Psychology},
  volume = {4},
  pages = {1--39},
  langid = {english}
}

@article{ryan2000,
  title = {Self-{{Determination Theory}} and the Facilitation of Intrinsic Motivation, Social Development, and Well-Being},
  author = {Ryan, Richard M and Deci, Edward L},
  year = {2000},
  journal = {American Psychologist},
  volume = {55},
  number = {1},
  pages = {68--78},
  doi = {10.1037110003-066X.55.1.68},
  langid = {english}
}

@book{ryan2017,
  title = {Self-Determination Theory: {{Basic}} Psychological Needs in Motivation, Development, and Wellness},
  author = {Ryan, Richard M and Deci, Edward L},
  year = {2017},
  publisher = {{Guilford Press}},
  address = {{New York, NY}}
}

@article{ryan2020,
  title = {Intrinsic and Extrinsic Motivation from a Self-Determination Theory Perspective: {{Definitions}}, Theory, Practices, and Future Directions},
  shorttitle = {Intrinsic and Extrinsic Motivation from a Self-Determination Theory Perspective},
  author = {Ryan, Richard M. and Deci, Edward L.},
  year = {2020},
  month = apr,
  journal = {Contemporary Educational Psychology},
  volume = {61},
  pages = {101860},
  issn = {0361476X},
  doi = {10.1016/j.cedpsych.2020.101860},
  urldate = {2022-07-13},
  langid = {english}
}

@article{salmoni1984,
  title = {Knowledge of Results and Motor Learning: A Review and Critical Reappraisal},
  author = {Salmoni, A W and Schmidt, R A and Walter, C B},
  year = {1984},
  journal = {Psychological Bulletin},
  volume = {95},
  number = {3},
  pages = {355--386},
  issn = {0033-2909},
  doi = {10.1037/0033-2909.95.3.355},
  keywords = {1984,3,355-386,95,american psychological association,chological bulletin,copyright 1984 by the,inc,Mendeley Import (Mar 25),no,scfb,vol}
}

@article{sanli2013,
  title = {Understanding Self-Controlled Motor Learning Protocols through the Self-Determination Theory},
  author = {Sanli, Elizabeth A and Patterson, Jae T and Bray, Steven R and Lee, Timothy D},
  year = {2013},
  journal = {Frontiers in Psychology},
  volume = {3},
  number = {JAN},
  pages = {1--17},
  issn = {1664-1078},
  doi = {10.3389/fpsyg.2012.00611},
  keywords = {Autonomy support,Feedback,Motivation,Motor tasks,Practice,scfb,Self-control,Self-Control}
}

@article{schuirmann1987,
  title = {A Comparison of the {{Two One-Sided Tests Procedure}} and the {{Power Approach}} for Assessing the Equivalence of Average Bioavailability},
  author = {Schuirmann, Donald J.},
  year = {1987},
  month = dec,
  journal = {Journal of Pharmacokinetics and Biopharmaceutics},
  volume = {15},
  number = {6},
  pages = {657--680},
  issn = {0090-466X},
  doi = {10.1007/BF01068419},
  urldate = {2022-07-13},
  langid = {english}
}

@article{simmons2011,
  title = {False-Positive Psychology: {{Undisclosed}} Flexibility in Data Collection and Analysis Allows Presenting Anything as Significant},
  shorttitle = {False-{{Positive Psychology}}},
  author = {Simmons, Joseph P. and Nelson, Leif D. and Simonsohn, Uri},
  year = {2011},
  month = nov,
  journal = {Psychological Science},
  volume = {22},
  number = {11},
  pages = {1359--1366},
  issn = {0956-7976, 1467-9280},
  doi = {10.1177/0956797611417632},
  urldate = {2022-07-04},
  langid = {english}
}

@techreport{simmons2012,
  title = {A 21 {{Word Solution}}},
  author = {Simmons, Joseph P. and Nelson, Leif D. and Simonsohn, Uri},
  year = {2012},
  month = oct,
  address = {{Rochester, NY}},
  doi = {10.2139/ssrn.2160588}
}

@article{stgermain2022,
  title = {Increased Perceptions of Autonomy through Choice Fail to Enhance Motor Skill Retention.},
  author = {St. Germain, Laura and Williams, Allison and Balbaa, Noura and Poskus, Andrew and Leshchyshen, Olena and Lohse, Keith R. and Carter, Michael J.},
  year = {2022},
  month = apr,
  journal = {Journal of Experimental Psychology: Human Perception and Performance},
  volume = {48},
  number = {4},
  pages = {370--379},
  issn = {1939-1277, 0096-1523},
  doi = {10.1037/xhp0000992},
  urldate = {2022-06-13},
  langid = {english}
}

@article{stgermain2023,
  title = {Exercising Choice over Feedback Schedules during Practice Is Not Advantageous for Motor Learning},
  author = {St. Germain, Laura and McKay, Brad and Poskus, Andrew and Williams, Allison and Leshchyshen, Olena and Feldman, Sherry and Cashaback, Joshua G. A. and Carter, Michael J.},
  year = {2023},
  journal = {Psychonomic Bulletin \& Review},
  volume = {30},
  pages = {621--633},
  issn = {1069-9384, 1531-5320},
  doi = {10.3758/s13423-022-02170-5},
  urldate = {2023-04-04},
  langid = {english}
}

@incollection{stemarie2020,
  title = {Self-controlled learning: {Current} findings, theoretical perspectives, and future directions},
  author = {{Ste-Marie}, {Diane M.} and {Carter}, {Michael J.} and {Yantha}, {Zachary D.}},
  year = {2020},
  chapter = {7},
  doi = {10.4324/9781351189750-7},
  month = {11},
  date = {2020},
  publisher = {Routledge},
  booktitle = {Skill acquisition in sport: {Research}, theory, and practice},
  editor = {{Hodges}, {Nicola J.} and {Williams}, {A. Mark}},
  edition = {3}
}

@article{stemarie2020a,
  title = {Revisiting the Applied Model for the Use of Observation: {{A}} Review of Articles Spanning 2011\textendash 2018},
  shorttitle = {Revisiting the {{Applied Model}} for the {{Use}} of {{Observation}}},
  author = {{Ste-Marie}, Diane M. and Lelievre, Natasha and St. Germain, Laura},
  year = {2020},
  month = oct,
  journal = {Research Quarterly for Exercise and Sport},
  volume = {91},
  number = {4},
  pages = {594--617},
  issn = {0270-1367, 2168-3824},
  doi = {10.1080/02701367.2019.1693489},
  urldate = {2023-03-01},
  langid = {english}
}

@article{su2011,
  title = {A Meta-Analysis of the Effectiveness of Intervention Programs Designed to Support Autonomy},
  author = {Su, Yu-Lan and Reeve, Johnmarshall},
  year = {2011},
  month = mar,
  journal = {Educational Psychology Review},
  volume = {23},
  number = {1},
  pages = {159--188},
  issn = {1040-726X, 1573-336X},
  doi = {10.1007/s10648-010-9142-7},
  urldate = {2022-07-04},
  langid = {english}
}

@article{weissgerber2015,
  title = {Beyond Bar and Line Graphs: {{Time}} for a New Data Presentation Paradigm},
  shorttitle = {Beyond {{Bar}} and {{Line Graphs}}},
  author = {Weissgerber, Tracey L. and Milic, Natasa M. and Winham, Stacey J. and Garovic, Vesna D.},
  year = {2015},
  month = apr,
  journal = {PLOS Biology},
  volume = {13},
  number = {4},
  pages = {e1002128},
  issn = {1545-7885},
  doi = {10.1371/journal.pbio.1002128},
  urldate = {2023-02-21},
  langid = {english}
}

@book{wilcox2021,
  title = {Introduction to Robust Estimation and Hypothesis Testing},
  author = {Wilcox, Rand R},
  year = {2021},
  edition = {Fifth},
  publisher = {{Academic Press}}
}

@article{wilcox2023,
  title = {An Updated Guide to Robust Statistical Methods in Neuroscience},
  author = {Wilcox, Rand R. and Rousselet, Guillaume A.},
  year = {2023},
  month = mar,
  journal = {Current Protocols},
  volume = {3},
  number = {3},
  pages = {e719},
  issn = {2691-1299, 2691-1299},
  doi = {10.1002/cpz1.719},
  urldate = {2023-05-07},
  langid = {english}
}

@article{wulf2014,
  title = {Choosing to Exercise More: {{Small}} Choices Increase Exercise Engagement},
  shorttitle = {Choosing to Exercise More},
  author = {Wulf, Gabriele and Freitas, Heidi E. and Tandy, Richard D.},
  year = {2014},
  month = may,
  journal = {Psychology of Sport and Exercise},
  volume = {15},
  number = {3},
  pages = {268--271},
  issn = {14690292},
  doi = {10.1016/j.psychsport.2014.01.007},
  urldate = {2022-07-13},
  langid = {english}
}

@article{wulf2016,
  title = {Optimizing Performance through Intrinsic Motivation and Attention for Learning: {{The OPTIMAL}} Theory of Motor Learning},
  author = {Wulf, Gabriele and Lewthwaite, Rebecca},
  year = {2016},
  journal = {Psychonomic Bulletin \& Review},
  volume = {23},
  number = {5},
  pages = {1382--1414},
  issn = {1069-9384},
  doi = {10.3758/s13423-015-0999-9},
  keywords = {attentional focus,basis as well for,dopamine,human,in,many of the highest,Mendeley Import (Mar 25),motivation,motor performance,positive affect,scfb,Self-Control,self-efficacy,skilled movement is fundamental,the world and the,to surviving and thriving}
}

@article{wulf2018,
  title = {Lassoing Skill through Learner Choice},
  author = {Wulf, Gabriele and Iwatsuki, Takehiro and Machin, Brittney and Kellogg, Jessica and Copeland, Clint and Lewthwaite, Rebecca},
  year = {2018},
  month = may,
  journal = {Journal of Motor Behavior},
  volume = {50},
  number = {3},
  pages = {285--292},
  issn = {0022-2895, 1940-1027},
  doi = {10.1080/00222895.2017.1341378},
  urldate = {2022-07-13},
  langid = {english}
}

@article{yantha2022,
  title = {The Recommendation for Learners to Be Provided with Control over Their Feedback Schedule Is Questioned in a Self-Controlled Learning Paradigm},
  author = {Yantha, Zachary D. and McKay, Brad and {Ste-Marie}, Diane M.},
  year = {2022},
  month = apr,
  journal = {Journal of Sports Sciences},
  volume = {40},
  number = {7},
  pages = {769--782},
  issn = {0264-0414, 1466-447X},
  doi = {10.1080/02640414.2021.2015945},
  urldate = {2022-07-13},
  langid = {english}
}

@book{efron1994,
  title={An introduction to the bootstrap},
  author={Efron, Bradley and Tibshirani, Robert J},
  year={1994},
  publisher={CRC press}
}

@article{rousselet2021,
  title={The percentile bootstrap: {A} primer with step-by-step instructions in {R}},
  author={Rousselet, Guillaume A and Pernet, Cyril R and Wilcox, Rand R},
  journal={Advances in Methods and Practices in Psychological Science},
  volume={4},
  number={1},
  pages={2515245920911881},
  year={2021},
  doi = {10.1177/2515245920911881},
  publisher={SAGE Publications Sage CA: Los Angeles, CA}
}

@article{rousselet2023,
  title={An introduction to the bootstrap: {A} versatile method to make inferences by using data-driven simulations},
  author={Rousselet, Guillaume A and Pernet, Cyril R and Wilcox, Rand R},
  journal={Meta-Psychology},
  volume={7},
  doi = {10.15626/MP.2019.205},
  year={2023}
}

@article{mckay2023a,
  title={Low prevalence of a priori power analyses in motor behavior research},
  author={McKay, Brad and Corson, Abbey and Vinh, Mary-Anne and Jeyarajan, Gianna and Tandon, Chitrini and Brooks, Hugh and Hubley, Julie and Carter, Michael J},
  journal={Journal of Motor Learning and Development},
  volume={11},
  number={1},
  pages={15--28},
  year={2023},
  publisher={Human Kinetics}
}

@article{mckay2023b,
  title={On the reproducibility of power analyses in motor behavior research},
  author={McKay, Brad and Bacelar, Mariane FB and Carter, Michael J},
  journal={Journal of Motor Learning and Development},
  volume={11},
  number={1},
  pages={29--44},
  year={2023},
  publisher={Human Kinetics}
}

@book{schmidt2019,
  title={Motor learning and performance: {From} principles to application},
  author={Schmidt, Richard A. and Lee, Timothy D.},
  edition={6th ed.},
  year={2019},
  publisher={Human Kinetics Publishers}
}
